@Misc{WEBSITE:NNDataStandardize,
  author = 	 {James McCaffrey},
  title = 	 {How to Standardize Data for Neural Networks},
  howpublished = {https://visualstudiomagazine.com/articles/\\2014/01/01/how-to-standardize-data-for-neural-networks.aspx},
  month = 	 {Jan},
  year = 	 {2014},
  note = 	 {Accessed on 2017-12-02},
}
@Misc{WEBSITE:bvtradeoff,
  author = 	 {Scott Fortmann-roe},
  title = 	 {Understanding the Bias-Variance Tradeoff},
  howpublished = {http://scott.fortmann-roe.com/docs/BiasVariance.html},
  month = 	 {Jun},
  year = 	 {2012},
  note = 	 {Accessed on 2017-12-10},
}
@inproceedings{alpaydin1992multiple,
  title={Multiple neural networks and weighted voting},
  author={Alpaydin, Ethem},
  booktitle={Pattern Recognition, 1992. Vol. II. Conference B: Pattern Recognition Methodology and Systems, Proceedings., 11th IAPR International Conference on},
  pages={29--32},
  year={1992},
  organization={IEEE}
}
@article{ARTICLE:breiman2001random,
  title={Random forests},
  author={Breiman, Leo},
  journal={Machine learning},
  volume={45},
  number={1},
  pages={5--32},
  year={2001},
  publisher={Springer}
}
@Misc{LECTURE:BaggingRF,
  author = 	 "Rebecca C. Steorts",
  title = 	 "Bagging and Random Forests",
  howpublished = "http://www2.stat.duke.edu/~rcs46/lectures\_2015/random-forest/slides\_lecture15.pdf",
  month = 	 "Mar",
  year = 	 "2014",
  note = 	 "Accessed on 2017-12-01"
}
@Manual{MANUAL:LightGBMDoc,
  title = 	 "LightGBM's documentations",
  organization = 	 "Microsoft Corporation",
  address = 	 "https://lightgbm.readthedocs.io/en/latest/",
  year = 	 "2017"
}